@article{de2006introduccion,
  title={Introducci{\'o}n a la Transformada Wavelet},
  author={de Se{\~n}ales, Apuntes de Teor{\'\i}a},
  journal={Departamento de Se{\~n}ales y sistemas. Universidad de Navarra},
  year={2006}
}