@article{de2006introduccion,
  title={Introducci{\'o}n a la Transformada Wavelet. Descomposici{\'o}n de Se{\~n}ales},
  author={Departamento de Se{\~n}ales y sistemas.},
  journal={Universidad de Navarra},
  year={2006}
}
